@misc{qin,
  title = {An Empirical Study of DeFi Liquidations:
Incentives, Risks, and Instabilities},
  author = {Kaihua Qin and Liyi Zhou and Pablo Gamito and Philipp Jovanovic and Arthur Gervais},
  year = {2021},
  month = {Jun},
  howpublished = {\url{https://arxiv.org/pdf/2106.06389.pdf}}
}

@misc{dune,
  title = {Dune},
  author = {repe},
  year = {2021},
  month = {Sep},
  howpublished = {\url{https://dune.xyz/repe/Aave-liquidations}}
}

%%%%%%%%%%%%%%%%%%%%%%%%%%%%%%%%%%%%%%%%%%%%
% Links
%%%%%%%%%%%%%%%%%%%%%%%%%%%%%%%%%%%%%%%%%%%%

@misc{everlasting_options,
  title = {Everlasting Options},
  author = {Dave White and Sam Bankman-Fried},
  year = {2021},
  month = {May},
  howpublished = {\url{https://www.paradigm.xyz/papers/everlasting_options.pdf}}
}

@misc{sardon,
  title = {Zero-Liquidation Loans: A Structured Product Approach to DeFi Lending},
  author = {Aetienne Sardon},
  year = {2021},
  month = {Oct},
  howpublished = {\url{https://arxiv.org/abs/2110.13533}}
}

@misc{bitcoinsuisse,
  title = {Valuation of DeFi Tokens},
  author = {Raffael Huber},
  year = {2021},
  month = {Feb},
  howpublished = {\url{https://www.bitcoinsuisse.com/research/decrypt/valuation-of-defi-tokens}}
}

@misc{yearn,
  title = {YFI},
  author = {Andre Cronje},
  year = {2020},
  month = {Jul},
  howpublished = {\url{https://medium.com/iearn/yfi-df84573db81}}
}

@misc{curve,
  title = {Understanding Gauges},
  author = {Michael Egorov},
  year = {2020},
  month = {Nov},
  howpublished = {\url{https://resources.curve.fi/base-features/understanding-gauges}}
}

@misc{hull,
  title = {Optimal delta hedging for options},
  author = {John Hull and Alan White},
  year = {2017},
  month = {Sep},
  howpublished = {\url{https://www.sciencedirect.com/science/article/pii/S0378426617301085}}
}

@misc{jameson,
  title = {Market Making in the Options Markets and the Costs of Discrete Hedge Rebalancing},
  author = {Mel Jameson and William Wilhelm},
  year = {1992},
  month = {Jun},
  howpublished = {\url{https://www.jstor.org/stable/2329123}}
}

@misc{peeters,
  title = {Black Scholes for Portfolios of Options in Discrete Time: the Price is Right, the Hedge is Wrong},
  author = {Bas Peeters and Cees L. Dert and Andre Lucas},
  year = {2003},
  month = {Nov},
  howpublished = {\url{https://papers.tinbergen.nl/03090.pdf}}
}

@misc{frei,
  title = {Value at Risk for Linear and Non-Linear Derivatives},
  author = {Clemens U. Frei},
  year = {2000},
  howpublished = {\url{https://getd.libs.uga.edu/pdfs/frei_clemens_u_200308_ma.pdf}}
}

@misc{ribbon,
  title = {Option Vaults â€” Automated Options Strategies},
  author = {Ribbon Finance},
  year = {2021},
  month = {Mar},
  howpublished = {\url{https://ribbonfinance.medium.com/option-vaults-automated-options-strategies-980aa1fee208}}
}

@misc{olympus,
  title = {Olympus - Glossary},
  author = {Olympus},
  howpublished = {\url{https://docs.olympusdao.finance/main/references/glossary}}
}

@misc{balancer,
  title = {Balancer V1 - Math},
  author = {Balancer},
  howpublished = {\url{https://docs.balancer.fi/v/v1/core-concepts/protocol/index/}}
}

@misc{placeholder,
  title = {The Original Sin},
  author = {Chris Burniske},
  year = {2021},
  month = {Apr},
  howpublished = {\url{https://www.placeholder.vc/blog/2021/4/1/the-original-sin}}
}

@misc{gyroscope,
  title = {Decentralization of token distributions},
  author = {jooooo5as},
  year = {2021},
  month = {Oct},
  howpublished = {\url{https://medium.com/gyroscope-protocol/decentralization-of-token-distributions-e472f8b52f4a}}
}
