@misc{qin,
  title = {An Empirical Study of DeFi Liquidations:
Incentives, Risks, and Instabilities},
  author = {Kaihua Qin and Liyi Zhou and Pablo Gamito and Philipp Jovanovic and Arthur Gervais},
  year = {2021},
  month = {Jun},
  howpublished = {\url{https://arxiv.org/pdf/2106.06389.pdf}}
}

@misc{dune,
  title = {Dune},
  author = {repe},
  year = {2021},
  month = {Sep},
  howpublished = {\url{https://dune.xyz/repe/Aave-liquidations}}
}

%%%%%%%%%%%%%%%%%%%%%%%%%%%%%%%%%%%%%%%%%%%%
% Reddit user posts
%%%%%%%%%%%%%%%%%%%%%%%%%%%%%%%%%%%%%%%%%%%%

@misc{interoperate,
  title = {Reddit},
  author = {interoperate},
  year = {2021},
  month = {Aug},
  howpublished = {\url{https://www.reddit.com/r/Aave_Official/comments/pdqlsl/how_to_borrow_and_eliminate_liquidation_risk/?utm_source=share&utm_medium=ios_app&utm_name=iossmf}}
}

@misc{willtoshower,
  title = {Reddit},
  author = {willtoshower},
  year = {2021},
  month = {Feb},
  howpublished = {\url{https://www.reddit.com/r/defi/comments/liiqaa/can\_i\_auto\_hedge\_against\_an\_aave\_loan\_liquidation/}}
}

@misc{colafroth,
  title = {Reddit},
  author = {colafroth},
  year = {2021},
  month = {Mar},
  howpublished = {\url{https://www.reddit.com/r/defi/comments/nkb5li/discussion_can_i_short_usdt_by_doing_this_seems/}}
}

@misc{Ironfingers,
  title = {Reddit},
  author = {Ironfingers},
  year = {2021},
  month = {Jul},
  howpublished = {\url{https://www.reddit.com/r/Buttcoin/comments/ob0wf3/whats_the_best_way_to_short_tether/}}
}

@misc{BlueKnight72,
  title = {Reddit},
  author = {BlueKnight72},
  year = {2021},
  month = {Mar},
  howpublished = {\url{https://www.reddit.com/r/CryptoCurrency/comments/lyk0vy/short_tether/}}
}

@misc{davidecibel,
  title = {Reddit},
  author = {davidecibel},
  year = {2021},
  month = {Jan},
  howpublished = {\url{https://www.reddit.com/r/CryptoCurrency/comments/kztx8j/is_there_a_legit_way_to_short_tether_with_honest/}}
}

@misc{ThoseDamnDinklebergs,
  title = {Reddit},
  author = {ThoseDamnDinklebergs},
  year = {2021},
  month = {Jul},
  howpublished = {\url{https://www.reddit.com/r/defi/comments/oh43dh/shorting_usdt/
}}
}

%%%%%%%%%%%%%%%%%%%%%%%%%%%%%%%%%%%%%%%%%%%%
% Blockchain projects
%%%%%%%%%%%%%%%%%%%%%%%%%%%%%%%%%%%%%%%%%%%%

@misc{aave,
  title = {Aave},
  author = {The Aave Protocol},
  year = {2021},
  month = {Sep},
  howpublished = {\url{https://aave.com/}}
}

@misc{apwine,
  title = {Apwine},
  author = {N.A.},
  year = {2020},
  month = {October},
  howpublished = {\url{https://www.apwine.fi/}}
}

@misc{augur,
  title = {Augur},
  author = {Forecast Foundation},
  year = {2015},
  month = {December},
  howpublished = {\url{https://repv2.com/}}
}

@misc{bancor,
  title = {Bancor},
  author = {Eyal Hertzog, Guy Benartzi, Galia Benartzi},
  year = {2017},
  month = {June},
  howpublished = {\url{https://bancor.network/}}
}

@misc{compound,
  title = {Compound},
  author = {Compound Labs},
  year = {2021},
  month = {Sep},
  howpublished = {\url{https://compound.finance/}}
}

@misc{defihedge,
  title = {DeFiHedge},
  author = {Julian Traversa, William Hsieh},
  year = {2020},
  month = {September},
  howpublished = {\url{https://defihedge.finance/}}
}


@misc{element,
  title = {Element},
  author = {N.A.},
  year = {?},
  month = {?},
  howpublished = {\url{https://element.fi/}}
}

@misc{eth,
  title = {Ethereum},
  author = {Ethereum foundation},
  year = {2021},
  month = {July},
  howpublished = {\url{https://ethereum.org/com/}}
}

@misc{gnosis,
  title = {Gnosis},
  author = {Martin K\"oppelmann, Stefan George, Dr. Friederike Ernst},
  year = {2017},
  month = {June},
  howpublished = {\url{https://gnosis.io/}}
}

@misc{maker,
  title = {Maker},
  author = {Maker foundation},
  year = {2019},
  month = {December},
  howpublished = {\url{https://makerdao.com/en/}}
}

@misc{opium,
  title = {Opium},
  author = {Opium Team},
  year = {2020},
  month = {September},
  howpublished = {\url{https://opium.network/}}
}

@misc{pendle,
  title = {Pendle Finance},
  author = {N.A.},
  year = {2021},
  month = {May},
  howpublished = {\url{https://pendle.finance/}}
}

@misc{sushis,
  title = {Sushi Swap},
  author = {N.A.},
  year = {2020},
  month = {August},
  howpublished = {\url{https://sushi.com/}}
}

@misc{tusd,
  title = {TrueUSD},
  author = {Trust Token},
  year = {2018},
  month = {April},
  howpublished = {\url{https://www.trusttoken.com/trueusd}}
}

@misc{uniswap,
  title = {Uni Swap},
  author = {Hayden Adams, Noah Zinsmeister, Dan Robinson},
  year = {2020},
  month = {September},
  howpublished = {\url{https://uniswap.org/}}
}

@misc{yieldprotocol,
  title = {The Yield Protocol},
  author = {Dan Robinson, Allan Niemerg},
  year = {2020},
  month = {April},
  howpublished = {\url{https://yield.is/}}
}

@misc{88mph,
  title = {88mph},
  author = {N.A.},
  year = {2020},
  month = {November},
  howpublished = {\url{https://88mph.app/}}
}

%%%%%%%%%%%%%%%%%%%%%%%%%%%%%%%%%%%%%%%%%%%%
% Papers
%%%%%%%%%%%%%%%%%%%%%%%%%%%%%%%%%%%%%%%%%%%%

@misc{bis:2021,
  title = {Statistical release: OTC derivatives at end-December 2020},
  author = {Bank For International Settlements},
  year = {2021},
  month = {May},
  howpublished = {\url{https://www.bis.org/publ/otc_hy2105.htm}}
}

@book{rivlin:1974,
  author={Rivlin, Theodore J},
  title={The Chebyshev polynomials (Pure and applied mathematics)}, 
  year={1974},
  publisher={Wiley}
 }